<record><leader>00000cas a22000007a 4500</leader><controlfield tag="001">12777668</controlfield><controlfield tag="008">851109d19271929pauwr ne      0    0hun d</controlfield><datafield ind1=" " ind2=" " tag="010"><subfield code="a">sn 85038576 </subfield></datafield><datafield ind1=" " ind2=" " tag="040"><subfield code="a">NPY</subfield><subfield code="b">eng</subfield><subfield code="c">NPY</subfield><subfield code="d">OCLCQ</subfield></datafield><datafield ind1=" " ind2=" " tag="042"><subfield code="a">msc</subfield></datafield><datafield ind1="0" ind2=" " tag="130"><subfield code="a">Jo&#769; Pa&#769;sztor (Pittsburgh, Pa.)</subfield></datafield><datafield ind1="1" ind2="2" tag="245"><subfield code="a">A Jo&#769; Pa&#769;sztor =</subfield><subfield code="b">The Good Shepherd.</subfield></datafield><datafield ind1="3" ind2="1" tag="246"><subfield code="a">Good Shepherd</subfield></datafield><datafield ind1=" " ind2=" " tag="260"><subfield code="a">Pittsburgh, Pa. :</subfield><subfield code="b">B.T. Tarkanyi,</subfield><subfield code="c">1927-</subfield></datafield><datafield ind1=" " ind2=" " tag="300"><subfield code="a">v. :</subfield><subfield code="b">ill. ;</subfield><subfield code="c">55 cm.</subfield></datafield><datafield ind1=" " ind2=" " tag="310"><subfield code="a">Weekly</subfield></datafield><datafield ind1="0" ind2=" " tag="362"><subfield code="a">1 evf., 1 sz. (Szept. 30, 1927)-</subfield></datafield><datafield ind1="1" ind2=" " tag="362"><subfield code="a">Ceased in Jan. 1929.</subfield></datafield><datafield ind1=" " ind2=" " tag="500"><subfield code="a">Imprint varies: from Nov. 29, 1928 published in New York City.</subfield></datafield><datafield ind1=" " ind2=" " tag="500"><subfield code="a">Editor: B.T. Tarkanyi.</subfield></datafield><datafield ind1=" " ind2=" " tag="521"><subfield code="a">"The largest Hungarian Catholic weekly in America."</subfield></datafield><datafield ind1=" " ind2=" " tag="546"><subfield code="a">In Hungarian.</subfield></datafield><datafield ind1="1" ind2=" " tag="700"><subfield code="a">Tarkanyi, Bela T.</subfield></datafield><datafield ind1=" " ind2=" " tag="752"><subfield code="a">United States</subfield><subfield code="b">Pennsylvania</subfield><subfield code="c">Allegheny</subfield><subfield code="d">Pittsburgh.</subfield></datafield><datafield ind1=" " ind2=" " tag="752"><subfield code="a">United States</subfield><subfield code="b">New York</subfield><subfield code="c">New York</subfield><subfield code="d">New York.</subfield></datafield><datafield ind1="0" ind2="4" tag="785"><subfield code="t">Egyete&#769;rte&#769;s</subfield><subfield code="w">(DLC)sn 85038577</subfield></datafield><datafield ind1="1" ind2=" " tag="029"><subfield code="a">AU@</subfield><subfield code="b">000025794994</subfield></datafield></record>